@Book{example:84,
  author = 	 {},
  title = 	 {},
  publisher = 	 {},
  year = 	 {},
  edition = 	 {}
}

@article{examples:91,
  author = 	 {},
  title = 	 {},
  journal = 	 {},
  publisher =    {},
  year = 	 {},
  editor = 	 {}
}
